@phdthesis{reynolds2001sensing,
  title={The Sensing and Measurement of Frustration with Computers},
  author={Reynolds, Carson },
  year={2001},
  school={MIT}
}

@article{klein2002computer,
  title={This Computer Responds to User Frustration:: Theory, Design, and Results},
  author={Klein, Jonathan and Moon, Youngme and Picard, Rosalind W.},
  journal={Interacting with computers},
  volume={14},
  number={2},
  pages={119--140},
  year={2002},
  publisher={Elsevier}
}

@inproceedings{hazlett2003measurement,
  title={Measurement of User frustration: A Biologic Approach},
  author={Hazlett, Richard},
  booktitle={CHI'03 extended abstracts on Human factors in computing systems},
  pages={734--735},
  year={2003},
  organization={ACM}
}

@article{kapoor2007automatic,
  title={Automatic Prediction of Frustration},
  author={Kapoor, Ashish and Burleson, Winslow and Picard, Rosalind W},
  journal={International Journal of Human-Computer Studies},
  volume={65},
  number={8},
  pages={724--736},
  year={2007},
  publisher={Elsevier}
}

@article{rittel1973dilemmas,
  title={{Dilemmas in a General Theory of Planning}},
  author={Rittel, Horst  and Webber, Melvin },
  journal={Policy sciences},
  volume={4},
  number={2},
  pages={155--169},
  year={1973},
  publisher={Springer}
}

@inproceedings{BS03,
author={S. Brostoff and M.A. Sasse},
title={{Ten Strikes and You're Out: Increasing the Number of Login Attempts Can Improve Password Usability}},
booktitle={Proceedings of CHI 2003 Workshop on HCI and Security Systems},
year = {2003}}

@inproceedings{DP00,
author = {R. Dhamija and A. Perrig},
title = {{Deja Vu: A User Study Using Images for Authentication}},
booktitle={Proceedings of the 9th USENIX Security Symposium},
year = {2000}}


@inproceedings{Scout08a,
author = {S. Sinclair and S.W. Smith and S. Trudeau and M.E. Johnson and A. Portera},
title ={{Information Risk in Financial Institutions: Field Study and Research Roadmap}},
booktitle={International Workshop on Enterprise Applications and Services in the Finance Industry (FinanceCom)},
year = {2008}}

@incollection{SS08,
author = {S. Sinclair and S.W. Smith},
title = {{Preventative Directions for Insider Threat Mitigation via Access Control}},
editor = {S. Stolfo and others},
booktitle = {{Insider Attack and Cyber Security: Beyond the Hacker}},
publisher = {Springer-Verlag Advances in Information Security 39},
year = {2008},
pages = {173--202}}

@article{Scout10,
author = {S. Sinclair and S.W. Smith},
title = {{What's Wrong with Access Control in the Real World?}},
journal={IEEE Security and Privacy},
volume = {8},
number = {4},
pages = {74--77},
month = {July/August},
year = {2010}}

@inproceedings{schechter2009s,
  title={{It's No Secret. Measuring the Security and Reliability of Authentication via ?Secret? Questions}},
  author={Schechter, Stuart and Brush, AJ Bernheim and Egelman, Serge},
  booktitle={IEEE Symposium on Security and Privacy},
  year={2009},
  organization={IEEE}
}

@inproceedings{schechter2007emperor,
  title={{The Emperor's New Security Indicators}},
  author={Schechter, Stuart E and Dhamija, Rachna and Ozment, Andy and Fischer, Ian},
  booktitle={Security and Privacy, 2007. SP'07. IEEE Symposium on},
  pages={51--65},
  year={2007},
  organization={IEEE}
}

@article{riley2006password,
  title={{Password Security: What Users Know and What They Actually Do}},
  author={Riley, Shannon},
  journal={Usability News},
  volume={8},
  number={1},
  year={2006},
  publisher={Syngress}
}

@inproceedings{florencio2007large,
  title={{A Large-Scale Study of Web Password Habits}},
  author={Florencio, Dinei and Herley, Cormac},
  booktitle={International Conference on World Wide Web},
  pages={657--666},
  year={2007},
  organization={ACM}
}

@inproceedings{blythe2012dual,
  title={{A Dual-Process Cognitive Model for Testing Resilient Control Systems}},
  author={Blythe, Jim},
  booktitle={Resilient Control Systems (ISRCS)},
  pages={8--12},
  year={2012},
  organization={IEEE}
}

@article{blythe2013circumvention,
  title={{Circumvention of Security: Good Users Do Bad Things}},
  author={Blythe, Jim and Koppel, Ross and Smith, Sean W},
  journal={Security \& Privacy, IEEE},
  volume={11},
  number={5},
  pages={80--83},
  year={2013},
  publisher={IEEE}
}

@inproceedings{beautement2009compliance,
  title={{The Compliance Budget: Managing Security Behaviour in Organisations}},
  author={Beautement, Adam and Sasse, M Angela and Wonham, Mike},
  booktitle={Proceedings of the 2008 Workshop on New Security Paradigms},
  pages={47--58},
  year={2009},
  organization={ACM}
}

@article{adams1999users,
  title={{Users are Not the Enemy}},
  author={Adams, Anne and Sasse, Martina Angela},
  journal={Communications of the ACM},
  volume={42},
  number={12},
  pages={40--46},
  year={1999},
  publisher={ACM}
}

@article{koppel2008workarounds,
  title={{Workarounds to Barcode Medication Administration Systems: Their Occurrences, Causes, and Threats to Patient Safety}},
  author={Koppel, Ross and Wetterneck, Tosha and Telles, Joel Leon and Karsh, Ben-Tzion},
  journal={Journal of the American Medical Informatics Association},
  volume={15},
  number={4},
  pages={408--423},
  year={2008},
  publisher={Elsevier}
}

@inproceedings{gaw2006password,
  title={{Password Management Strategies for Online Accounts}},
  author={Gaw, Shirley and Felten, Edward W},
  booktitle={Symposium on Usable Privacy and Security},
  pages={44--55},
  year={2006},
  organization={ACM}
}

@inproceedings{spraragen12,
  title={Modeling the Effects of Emotion on Cognition},
  author={Spraragen, Marc},
  booktitle={Proc. AAAI},
  year={2012}
}

@article{mori70,
title={The Uncanny Valley},
author={Masahiro Mori},
year=1970,
journal={Energy},
volume=7,
number=4}
