@article{spafford1992opus,
  title={Opus: Preventing weak password choices},
  author={Spafford, Eugene H},
  journal={Computers \& Security},
  volume={11},
  number={3},
  pages={273--278},
  year={1992},
  publisher={Elsevier}
}

@article{bratman1987intention,
  title={Intention, plans, and practical reason},
  author={Bratman, Michael},
  year={1987}
}

@article{johnson1986mental,
  title={Mental models: towards a cognitive science of language, inference, and consciousness},
  author={Johnson-Laird, PN},
  year={1986},
  publisher={Harvard University Press}
}

@article{anderson1993problem,
  title={Problem solving and learning.},
  author={Anderson, John R},
  journal={American Psychologist},
  volume={48},
  number={1},
  pages={35},
  year={1993},
  publisher={American Psychological Association}
}

@article{stanovich2000advancing,
  title={Advancing the rationality debate},
  author={Stanovich, Keith E and West, Richard F},
  journal={Behavioral and brain sciences},
  volume={23},
  number={05},
  pages={701--717},
  year={2000},
  publisher={Cambridge Univ Press}
}

@article{laird1987soar,
  title={Soar: An architecture for general intelligence},
  author={Laird, John E and Newell, Allen and Rosenbloom, Paul S},
  journal={Artificial intelligence},
  volume={33},
  number={1},
  pages={1--64},
  year={1987},
  publisher={Elsevier}
}

@inproceedings{dhamija2006phishing,
  title={Why phishing works},
  author={Dhamija, Rachna and Tygar, J Doug and Hearst, Marti},
  booktitle={Proceedings of the SIGCHI conference on Human Factors in computing systems},
  pages={581--590},
  year={2006},
  organization={ACM}
}

@inproceedings{kothari2014agent,
  title={Agent-based modeling of user circumvention of security},
  author={Kothari, Vijay and Blythe, Jim and Smith, Sean and Koppel, Ross},
  booktitle={Proceedings of the 1st International Workshop on Agents and CyberSecurity},
  pages={5},
  year={2014},
  organization={ACM}
}

@misc{levdist,
title = {{Levenshtein distance - Rosetta Code}},
howpublished = {\url{http://rosettacode.org/wiki/Levenshtein_distance}},
note = {{Accessed: October 2014}}
}

@article{adams1999users,
  title={Users are not the enemy},
  author={Adams, Anne and Sasse, Martina Angela},
  journal={Communications of the ACM},
  volume={42},
  number={12},
  pages={40--46},
  year={1999},
  publisher={ACM}
}

@inproceedings{beautement2009compliance,
  title={The compliance budget: managing security behaviour in organisations},
  author={Beautement, Adam and Sasse, M Angela and Wonham, Mike},
  booktitle={Proceedings of the 2008 workshop on New security paradigms},
  pages={47--58},
  year={2009},
  organization={ACM}
}

@incollection{choong2014cognitive,
  title={A Cognitive-Behavioral Framework of User Password Management Lifecycle},
  author={Choong, Yee-Yin},
  booktitle={Human Aspects of Information Security, Privacy, and Trust},
  pages={127--137},
  year={2014},
  publisher={Springer}
}

@article{smith2013healthcare,
  title={Healthcare information technology's relativity problems: a typology of how patients? physical reality, clinicians? mental models, and healthcare information technology differ},
  author={Smith, Sean W and Koppel, Ross},
  journal={Journal of the American Medical Informatics Association},
  year={2013},
  publisher={BMJ Publishing Group Ltd}
}

@article{blythe2013circumvention,
  title={Circumvention of security: Good users do bad things},
  author={Blythe, Jim and Koppel, Ross and Smith, Sean W},
  journal={Security \& Privacy, IEEE},
  volume={11},
  number={5},
  pages={80--83},
  year={2013},
  publisher={IEEE}
}

@article{koppel2008workarounds,
  title={Workarounds to barcode medication administration systems: their occurrences, causes, and threats to patient safety},
  author={Koppel, Ross and Wetterneck, Tosha and Telles, Joel Leon and Karsh, Ben-Tzion},
  journal={Journal of the American Medical Informatics Association},
  volume={15},
  number={4},
  pages={408--423},
  year={2008},
  publisher={Elsevier}
}

@inproceedings{blythe2012dual,
  title={A dual-process cognitive model for testing resilient control systems},
  author={Blythe, Jim},
  booktitle={Resilient Control Systems (ISRCS), 2012 5th International Symposium on},
  pages={8--12},
  year={2012},
  organization={IEEE}
}

@inproceedings{blythe2012implementing,
  title={Implementing mental models},
  author={Blythe, Jim and Camp, L Jean},
  booktitle={Security and Privacy Workshops (SPW), 2012 IEEE Symposium on},
  pages={86--90},
  year={2012},
  organization={IEEE}
}

@article{bunnell1997cognitive,
  title={Cognitive, associative and conventional passwords: Recall and guessing rates},
  author={Bunnell, Julie and Podd, John and Henderson, Ron and Napier, Renee and Kennedy-Moffat, James},
  journal={Computers \& Security},
  volume={16},
  number={7},
  pages={629--641},
  year={1997},
  publisher={Elsevier}
}

@inproceedings{bonneau2012quest,
  title={The quest to replace passwords: A framework for comparative evaluation of web authentication schemes},
  author={Bonneau, Joseph and Herley, Cormac and Van Oorschot, Paul C and Stajano, Frank},
  booktitle={Security and Privacy (SP), 2012 IEEE Symposium on},
  pages={553--567},
  year={2012},
  organization={IEEE}
}

@inproceedings{bonneau2014towards,
  title={Towards reliable storage of 56-bit secrets in human memory},
  author={Bonneau, Joseph and Schechter, Stuart},
  booktitle={Proc. USENIX Security},
  year={2014}
}

@inproceedings{florencio2014password,
  title={Password portfolios and the finite-effort user: Sustainably managing large numbers of accounts},
  author={Flor{\^e}ncio, Dinei and Herley, Cormac and Van Oorschot, Paul C},
  booktitle={Proc. USENIX Security},
  year={2014}
}

@inproceedings{florencio2007large,
  title={A large-scale study of web password habits},
  author={Florencio, Dinei and Herley, Cormac},
  booktitle={Proceedings of the 16th international conference on World Wide Web},
  pages={657--666},
  year={2007},
  organization={ACM}
}

@inproceedings{gaw2006password,
  title={Password management strategies for online accounts},
  author={Gaw, Shirley and Felten, Edward W},
  booktitle={Proceedings of the second symposium on Usable privacy and security},
  pages={44--55},
  year={2006},
  organization={ACM}
}

@inproceedings{hayashi2011diary,
  title={A diary study of password usage in daily life},
  author={Hayashi, Eiji and Hong, Jason},
  booktitle={Proceedings of the SIGCHI Conference on Human Factors in Computing Systems},
  pages={2627--2630},
  year={2011},
  organization={ACM}
}

@article{ives2004domino,
  title={The domino effect of password reuse},
  author={Ives, Blake and Walsh, Kenneth R and Schneider, Helmut},
  journal={Communications of the ACM},
  volume={47},
  number={4},
  pages={75--78},
  year={2004},
  publisher={ACM}
}

@inproceedings{shay2007password,
  title={Password policy simulation and analysis},
  author={Shay, Richard and Bhargav-Spantzel, Abhilasha and Bertino, Elisa},
  booktitle={Proceedings of the 2007 ACM workshop on Digital identity management},
  pages={1--10},
  year={2007},
  organization={ACM}
}

@article{brostoff2003ten,
  title={{``Ten strikes and you're out''}: Increasing the number of login attempts can improve password usability},
  author={Brostoff, Sacha and Sasse, M Angela},
  year={2003}
}

@article{riley2006password,
  title={Password security: What users know and what they actually do},
  author={Riley, Shannon},
  journal={Usability News},
  volume={8},
  number={1},
  pages={2833--2836},
  year={2006},
  publisher={Syngress}
}

@article{renaud2013simpass,
  title={SimPass: Quantifying the Impact of Password Behaviours and Policy Directives on an Organisation's Systems},
  author={Renaud, Karen and Mackenzie, Lewis},
  journal={Journal of Artificial Societies and Social Simulation},
  volume={16},
  number={3},
  pages={3},
  year={2013}
}